@book{herlihy2020art,
  title={The art of multiprocessor programming},
  author={Herlihy, Maurice and Shavit, Nir and Luchangco, Victor and Spear, Michael},
  year={2020},
  publisher={Newnes}
}

@misc{michael2010linux,
  title={The Linux Programming Interface},
  author={Michael, Kerrisk},
  year={2010},
  publisher={No Starch Press San Fransico, CA}
}

@book{virding1996concurrent,
  title={Concurrent programming in ERLANG},
  author={Virding, Robert and Wikstr{\"o}m, Claes and Williams, Mike},
  year={1996},
  publisher={Prentice Hall International (UK) Ltd.}
}